@inproceedings{Tai:2013:ADS:2539150.2539190,
 author = {Tai, Yen-Jen and Kao, Hung-Yu},
 title = {Automatic Domain-Specific Sentiment Lexicon Generation with Label Propagation},
 booktitle = {Proceedings of International Conference on Information Integration and Web-based Applications \&\#38; Services},
 series = {IIWAS '13},
 year = {2013},
 isbn = {978-1-4503-2113-6},
 location = {Vienna, Austria},
 pages = {53:53--53:62},
 articleno = {53},
 numpages = {10},
 url = {http://doi.acm.org/10.1145/2539150.2539190},
 doi = {10.1145/2539150.2539190},
 acmid = {2539190},
 publisher = {ACM},
 address = {New York, NY, USA},
 keywords = {Sentiment Analysis, Sentiment Lexicon, Twitter},
}